
@inproceedings{LeCun.1989,
 author = {LeCun, Yann and Boser, Bernhard and Denker, John and Henderson, Donnie and Howard, R. and Hubbard, Wayne and Jackel, Lawrence},
 title = {Handwritten Digit Recognition with a Back-Propagation Network},
 url = {https://proceedings.neurips.cc/paper_files/paper/1989/file/53c3bce66e43be4f209556518c2fcb54-Paper.pdf},
 volume = {2},
 publisher = {Morgan-Kaufmann},
 editor = {Touretzky, D.},
 booktitle = {Advances in Neural Information Processing Systems},
 year = {1989}
}


@proceedings{Touretzky.1989,
 year = {1989},
 title = {Advances in Neural Information Processing Systems},
 publisher = {Morgan-Kaufmann},
 editor = {Touretzky, D.}
}


